@book{bhattacharyya1978dynamics,
  title={Dynamics of marine vehicles},
  author={Bhattacharyya, Rameswar},
  year={1978},
  publisher={John Wiley \& Sons Inc}
}

@article{lewis1988principles,
  title={Principles of naval architecture second revision},
  author={Lewis, Edward V},
  journal={Jersey: SNAME},
  year={1988}
}

@book{hughes2010ship,
  title={Ship structural analysis and design},
  author={Hughes, Owen F and Paik, Jeom Kee},
  year={2010}
}